<record xmlns='http://www.loc.gov/MARC21/slim'><leader>01560cim a2200421 a 4500</leader><controlfield tag='001'>363909</controlfield><controlfield tag='005'>20180906174251.0</controlfield><controlfield tag='007'>ss kmnjlcmnnzu</controlfield><controlfield tag='008'>940813s1994    vrannn              eng d</controlfield><datafield ind1='1' ind2=' ' tag='019'><subfield code='a'>10636641</subfield></datafield><datafield ind1=' ' ind2=' ' tag='035'><subfield code='9'>(AuCNLDY)2193007</subfield></datafield><datafield ind1=' ' ind2=' ' tag='035'><subfield code='a'>363909</subfield></datafield><datafield ind1=' ' ind2=' ' tag='040'><subfield code='a'>VIB</subfield><subfield code='b'>eng</subfield><subfield code='c'>VIB</subfield></datafield><datafield ind1=' ' ind2=' ' tag='042'><subfield code='a'>anuc</subfield></datafield><datafield ind1='0' ind2='4' tag='082'><subfield code='a'>302</subfield><subfield code='2'>20</subfield></datafield><datafield ind1='1' ind2=' ' tag='100'><subfield code='a'>Clarke, Val.</subfield></datafield><datafield ind1='1' ind2='0' tag='245'><subfield code='a'>Social psychology A</subfield><subfield code='h'>[sound recording] /</subfield><subfield code='c'>prepared by Val Clarke, Tony Loquet and Robyn Miller for the Social Psychology Team.</subfield></datafield><datafield ind1=' ' ind2=' ' tag='260'><subfield code='a'>Melbourne :</subfield><subfield code='b'>Royal Victorian Institute for the Blind. Special Request Service,</subfield><subfield code='c'>1994.</subfield></datafield><datafield ind1=' ' ind2=' ' tag='300'><subfield code='a'>6 sound cassettes (25 hr.) :</subfield><subfield code='b'>4 track, mono.</subfield></datafield><datafield ind1=' ' ind2=' ' tag='306'><subfield code='a'>250000</subfield></datafield><datafield ind1=' ' ind2=' ' tag='500'><subfield code='a'>Recorded for student use.</subfield></datafield><datafield ind1=' ' ind2=' ' tag='500'><subfield code='a'>Requires special playback equipment.</subfield></datafield><datafield ind1=' ' ind2=' ' tag='500'><subfield code='a'>Tone indexed.</subfield></datafield><datafield ind1=' ' ind2=' ' tag='500'><subfield code='a'>Audio table of contents on tape 6.</subfield></datafield><datafield ind1=' ' ind2=' ' tag='500'><subfield code='a'>Recorded on 18 tracks.</subfield></datafield><datafield ind1='1' ind2=' ' tag='511'><subfield code='a'>Keith Bowen.</subfield></datafield><datafield ind1='3' ind2=' ' tag='511'><subfield code='a'>Jeremy Ashton.</subfield></datafield><datafield ind1='3' ind2=' ' tag='511'><subfield code='a'>Carol Shelbourn.</subfield></datafield><datafield ind1='1' ind2=' ' tag='534'><subfield code='p'>Ed. recorded :</subfield><subfield code='b'>Rev. ed. -</subfield><subfield code='c'>Geelong, Vic. : Deakin University, 1992. -</subfield><subfield code='f'>(Social psychology). -</subfield><subfield code='n'>Prepared for Unit HPS204 offered by the Department of Psychology in Deakin University&apos;s Open Campus Program. -</subfield><subfield code='z'>ISBN 073000760X.</subfield></datafield><datafield ind1=' ' ind2='0' tag='650'><subfield code='a'>Talking books.</subfield></datafield><datafield ind1=' ' ind2='0' tag='650'><subfield code='a'>Social psychology.</subfield></datafield><datafield ind1='1' ind2=' ' tag='700'><subfield code='a'>Miller, Robyn.</subfield></datafield><datafield ind1='1' ind2=' ' tag='700'><subfield code='a'>Bowen, Keith.</subfield></datafield><datafield ind1='1' ind2=' ' tag='700'><subfield code='a'>Shelbourn, Carol.</subfield></datafield><datafield ind1='1' ind2=' ' tag='700'><subfield code='a'>Ashton, Jeremy.</subfield></datafield><datafield ind1='1' ind2=' ' tag='700'><subfield code='a'>Loquet, Tony.</subfield></datafield><datafield ind1='2' ind2=' ' tag='710'><subfield code='a'>Deakin University.</subfield><subfield code='b'>Department of Psychology.</subfield><subfield code='b'>Open Campus Program.</subfield></datafield><datafield ind1=' ' ind2=' ' tag='984'><subfield code='a'>ANL</subfield><subfield code='c'>Nf 919.43 T267</subfield></datafield></record>